@inbook{AIS2014,
  author = {Aickelin, Uwe and Dasgupta, Dipankar and Gu, Feng},
  year = {2014},
  month = {01},
  pages = {187-212},
  title = {Artificial immune systems},
  doi = {10.1007/978-1-4614-6940-7_7}
}

@article{ICBook2009,
  author = {Dasgupta, Dipankar and Nino, Luis Fernando},
  year = {2009},
  month = {04},
  pages = {140-140},
  title = {Immunological Computation: Theory and Application},
  volume = {29},
  isbn = {9780429134838},
  journal = {Ingeniería e Investigación},
  doi = {10.1201/9781420065466}
}

@article{EvaluateAIS2005,
  author = {Garrett, Simon},
  year = {2005},
  month = {02},
  pages = {145-77},
  title = {How Do We Evaluate Artificial Immune Systems?},
  volume = {13},
  journal = {Evolutionary computation},
  doi = {10.1162/1063656054088512}
}

@inproceedings{ImmuneSysAdapML1986,
  author = {Farmer, J.Doyne and Packard, Norman and Perelson, Alan},
  year = {1986},
  month = {10},
  pages = {},
  title = {The Immune System, Adaptation, and Machine Learning},
  volume = {22},
  journal = {Physica D: Nonlinear Phenomena},
  doi = {10.1016/0167-2789(86)90240-X}
}

@unknown{AdaptiveImmunitySAS2021,
  author = {Naqvi, Syed Moeen and Astekin, Merve and Malik, Sehrish and Moonen, Leon},
  year = {2021},
  month = {01},
  pages = {},
  title = {Adaptive Immunity for Software: Towards Autonomous Self-healing Systems}
}

@article{AISSOA2015,
  author = {KamalMishra, Prashant and Bhusry, Mamta},
  year = {2015},
  month = {06},
  pages = {25-32},
  title = {Artificial Immune System: State of the Art Approach},
  volume = {120},
  journal = {International Journal of Computer Applications},
  doi = {10.5120/21344-4357}
}

@article{NSAResearch2021,
  author = {Gupta, Kishor Datta and Dasgupta, Dipankar},
  year = {2021},
  month = {09},
  pages = {1-1},
  title = {Negative Selection Algorithm Research and Applications in the Last Decade: A Review},
  volume = {PP},
  journal = {IEEE Transactions on Artificial Intelligence},
  doi = {10.1109/TAI.2021.3114661}
}

@book{Kuby2019,
  author = {Punt, Jenni and Stranford, Sharon A. and Jones, Patricia P. and Owen, Judith A. and },
  year = {2019},
  edition = {Eighth edition},
  publisher = {W. H. Freeman Macmillan Learning},
  address = {New York}
}

@article{Forrest1994,
  author = {Forrest, Stephanie and Perelson, Alan and Allen, Lawrence and Cherukuri, Rajesh},
  year = {1995},
  month = {11},
  pages = {},
  title = {Self-Nonself Discrimination in a Computer},
  journal = {Proceedings of the International Symposium on Security and Privacy},
  doi = {10.1109/RISP.1994.296580}
}

@article{NSADetectorGen2002,
  author = {Ayara, M. and Timmis, Jon and Lemos, R. and De Castro, Leandro and Duncan, R.},
  year = {2002},
  month = {01},
  pages = {},
  title = {Negative selection: How to generate detectors},
  journal = {Proceedings of the 1st International Conference on Artificial Immune Systems (ICARIS)}
}

@inproceedings{LinearNSA1996,
  author = {D'haeseleer, Patrik},
  year = {1996},
  month = {07},
  pages = {18-26},
  title = {An Immunological Approach to Change Detection: Theoretical Results},
  isbn = {0-8186-7522-5},
  doi = {10.1109/CSFW.1996.503687}
}

@article{RevisitingNSA2007,
  author = {Ji, Zhou and Dasgupta, Dipankar},
  year = {2007},
  month = {02},
  pages = {223-51},
  title = {Revisiting Negative Selection Algorithms},
  volume = {15},
  journal = {Evolutionary computation},
  doi = {10.1162/evco.2007.15.2.223}
}

@inproceedings{NSADetGen1996,
  author = {D'haeseleer, Patrik and Forrest, Stephanie and Helman, Paul},
  year = {1996},
  month = {05},
  pages = {110-119},
  title = {An immunological approach to change detection: algorithms, analysis and implications}
}

@inproceedings{HybridNSA2012,
  author = {Chmielewski, Andrzej and Wierzchon, Slawomir},
  year = {2012},
  month = {09},
  pages = {},
  title = {Hybrid Negative Selection Approach for Anomaly Detection},
  isbn = {978-3-642-33259-3},
  doi = {10.1007/978-3-642-33260-9_21}
}

@inproceedings{EffectBinaryRule2003,
  author = {González, Fabio and Dasgupta, Dipankar and Gomez, Jonatan},
  year = {2003},
  month = {07},
  pages = {195-206},
  title = {The Effect of Binary Matching Rules in Negative Selection},
  volume = {2723},
  doi = {10.1007/3-540-45105-6_25}
}